% This file was created with JabRef 2.10.
% Encoding: UTF-8


@Article{,
  Title                    = {Cognitively-Inspired Computing for Gerontechnology},
  Author                   = {Antonio Fernández-Caballero, Pascual González, Elena Navarro},
  Journal                  = {Cognitive Computation},
  Year                     = {2016},

  Month                    = {April 2016},
  Number                   = {2},
  Pages                    = {297-298},
  Volume                   = {8},

  Owner                    = {yulia},
  Timestamp                = {2018.07.02}
}

@Article{barberger1993four,
  Title                    = {Four Instrumental Activities of Daily Living Score as a predictor of one-year incident dementia},
  Author                   = {Barberger-Gateau, Pascale and Dartigues, Jean-Francois and Letenneur, LUC},
  Journal                  = {Age and ageing},
  Year                     = {1993},
  Number                   = {6},
  Pages                    = {457--463},
  Volume                   = {22},

  Publisher                = {Oxford University Press}
}

@InProceedings{brenon2015using,
  Title                    = {Using Statistico-Relational Model for Activity Recognition in Smart Home},
  Author                   = {Brenon, Alexis and Portet, Fran{\c{c}}ois and Vacher, Michel},
  Booktitle                = {European Conference on Ambient Intelligence 2015 (AmI-15)},
  Year                     = {2015},
  Volume                   = {1528}
}

@Article{broadbent2009acceptance,
  Title                    = {Acceptance of healthcare robots for the older population: Review and future directions},
  Author                   = {Broadbent, Elizabeth and Stafford, Rebecca and MacDonald, Bruce},
  Journal                  = {International journal of social robotics},
  Year                     = {2009},
  Number                   = {4},
  Pages                    = {319},
  Volume                   = {1},

  Publisher                = {Springer}
}

@Article{chen2017guest,
  Title                    = {Guest EditorialSpecial Issue on Situation, Activity, and Goal Awareness in Cyber-Physical Human--Machine Systems},
  Author                   = {Chen, Liming and Cook, Diane J and Guo, Bin and LEISTER, WOLFGANG},
  Journal                  = {IEEE Transactions on Human-Machine Systems},
  Year                     = {2017},
  Number                   = {3},
  Pages                    = {305--309},
  Volume                   = {47},

  Publisher                = {IEEE}
}

@InProceedings{chin1988development,
  Title                    = {Development of an instrument measuring user satisfaction of the human-computer interface},
  Author                   = {Chin, John P and Diehl, Virginia A and Norman, Kent L},
  Booktitle                = {Proceedings of the SIGCHI conference on Human factors in computing systems},
  Year                     = {1988},
  Organization             = {ACM},
  Pages                    = {213--218}
}

@Article{cook2012learning,
  Title                    = {Learning setting-generalized activity models for smart spaces},
  Author                   = {Cook, Diane J},
  Journal                  = {IEEE intelligent systems},
  Year                     = {2012},
  Number                   = {1},
  Pages                    = {32--38},
  Volume                   = {27}
}

@Article{cook2013casas,
  Title                    = {CASAS: A smart home in a box},
  Author                   = {Cook, Diane J and Crandall, Aaron S and Thomas, Brian L and Krishnan, Narayanan C},
  Journal                  = {Computer},
  Year                     = {2013},
  Number                   = {7},
  Pages                    = {62--69},
  Volume                   = {46},

  Publisher                = {IEEE}
}

@Article{cook2015analyzing,
  Title                    = {Analyzing activity behavior and movement in a naturalistic environment using smart home techniques},
  Author                   = {Cook, Diane J and Schmitter-Edgecombe, Maureen and Dawadi, Prafulla},
  Journal                  = {IEEE journal of biomedical and health informatics},
  Year                     = {2015},
  Number                   = {6},
  Pages                    = {1882--1892},
  Volume                   = {19},

  Publisher                = {IEEE}
}

@Article{das2016one,
  Title                    = {One-class classification-based real-time activity error detection in smart homes},
  Author                   = {Das, Barnan and Cook, Diane J and Krishnan, Narayanan C and Schmitter-Edgecombe, Maureen},
  Journal                  = {IEEE journal of selected topics in signal processing},
  Year                     = {2016},
  Number                   = {5},
  Pages                    = {914--923},
  Volume                   = {10},

  Publisher                = {IEEE}
}

@Article{dawadi2015longitudinal,
  Title                    = {Longitudinal functional assessment of older adults using smart home sensor data},
  Author                   = {Dawadi, P and Cook, DJ and Schmitter-Edgecombe, M},
  Journal                  = {IEEE J. Biomed. Heal. Informatics},
  Year                     = {2015}
}

@Article{dawadi2016modeling,
  Title                    = {Modeling patterns of activities using activity curves},
  Author                   = {Dawadi, Prafulla N and Cook, Diane J and Schmitter-Edgecombe, Maureen},
  Journal                  = {Pervasive and mobile computing},
  Year                     = {2016},
  Pages                    = {51--68},
  Volume                   = {28},

  Publisher                = {Elsevier}
}

@Article{dawadi2013automated,
  Title                    = {Automated cognitive health assessment using smart home monitoring of complex tasks},
  Author                   = {Dawadi, Prafulla N and Cook, Diane J and Schmitter-Edgecombe, Maureen},
  Journal                  = {IEEE transactions on systems, man, and cybernetics: systems},
  Year                     = {2013},
  Number                   = {6},
  Pages                    = {1302--1313},
  Volume                   = {43},

  Publisher                = {IEEE}
}

@Article{dawadi2013automated,
  Title                    = {Automated assessment of cognitive health using smart home technologies},
  Author                   = {Dawadi, Prafulla N and Cook, Diane J and Schmitter-Edgecombe, Maureen and Parsey, Carolyn},
  Journal                  = {Technology and health care},
  Year                     = {2013},
  Number                   = {4},
  Pages                    = {323--343},
  Volume                   = {21},

  Publisher                = {IOS Press}
}

@Article{desai2004activities,
  Title                    = {Activities of daily living in patients with dementia},
  Author                   = {Desai, Abhilash K and Grossberg, George T and Sheth, Dharmesh N},
  Journal                  = {CNS drugs},
  Year                     = {2004},
  Number                   = {13},
  Pages                    = {853--875},
  Volume                   = {18},

  Publisher                = {Springer}
}

@InProceedings{eaton2016c,
  Title                    = {C.: Design of a low-cost platform for autonomous mobile service robots},
  Author                   = {Eaton, Eric and Mucchiani, Caio and Mohan, Mayumi and Isele, D Luna and Luna, Jos{\'e} Marcio and Clingerman, Christopher},
  Booktitle                = {Proceedings of IJCAI 2016 Workshop on Autonomous Mobile Service Robots},
  Year                     = {2016}
}

@Article{ernst1994us,
  Title                    = {The US economic and social costs of Alzheimer's disease revisited.},
  Author                   = {Ernst, Richard L and Hay, Joel W},
  Journal                  = {American Journal of Public Health},
  Year                     = {1994},
  Number                   = {8},
  Pages                    = {1261--1264},
  Volume                   = {84},

  Publisher                = {American Public Health Association}
}

@InProceedings{fang2013recurrent,
  Title                    = {Recurrent neural network for human activity recognition in smart home},
  Author                   = {Fang, Hongqing and Si, Hao and Chen, Long},
  Booktitle                = {Proceedings of 2013 Chinese Intelligent Automation Conference},
  Year                     = {2013},
  Organization             = {Springer},
  Pages                    = {341--348}
}

@Article{farias2006mci,
  Title                    = {MCI is associated with deficits in everyday functioning},
  Author                   = {Farias, Sarah T and Mungas, Dan and Reed, Bruce R and Harvey, Danielle and Cahn-Weiner, Deborah and DeCarli, Charles},
  Journal                  = {Alzheimer disease and associated disorders},
  Year                     = {2006},
  Number                   = {4},
  Pages                    = {217},
  Volume                   = {20},

  Publisher                = {NIH Public Access}
}

@Article{fasola2013socially,
  Title                    = {A socially assistive robot exercise coach for the elderly},
  Author                   = {Fasola, Juan and Matari{\'c}, Maja J},
  Journal                  = {Journal of Human-Robot Interaction},
  Year                     = {2013},
  Number                   = {2},
  Pages                    = {3--32},
  Volume                   = {2},

  Publisher                = {Journal of Human-Robot Interaction Steering Committee}
}

@InProceedings{hess2016real,
  Title                    = {Real-time loop closure in 2D LIDAR SLAM},
  Author                   = {Hess, Wolfgang and Kohler, Damon and Rapp, Holger and Andor, Daniel},
  Booktitle                = {Robotics and Automation (ICRA), 2016 IEEE International Conference on},
  Year                     = {2016},
  Organization             = {IEEE},
  Pages                    = {1271--1278}
}

@InProceedings{hone2001subjective,
  Title                    = {Subjective assessment of speech-system interface usability},
  Author                   = {Hone, Kate S and Graham, Robert},
  Booktitle                = {Seventh European Conference on Speech Communication and Technology},
  Year                     = {2001}
}

@InProceedings{huang2017speed,
  Title                    = {Speed/accuracy trade-offs for modern convolutional object detectors},
  Author                   = {Huang, Jonathan and Rathod, Vivek and Sun, Chen and Zhu, Menglong and Korattikara, Anoop and Fathi, Alireza and Fischer, Ian and Wojna, Zbigniew and Song, Yang and Guadarrama, Sergio and others},
  Booktitle                = {IEEE CVPR},
  Year                     = {2017},
  Volume                   = {4}
}

@InProceedings{lewis1992psychometric,
  Title                    = {Psychometric evaluation of the post-study system usability questionnaire: The PSSUQ},
  Author                   = {Lewis, James R},
  Booktitle                = {Proceedings of the Human Factors and Ergonomics Society Annual Meeting},
  Year                     = {1992},
  Number                   = {16},
  Organization             = {SAGE Publications Sage CA: Los Angeles, CA},
  Pages                    = {1259--1260},
  Volume                   = {36}
}

@InProceedings{liu2016ssd,
  Title                    = {Ssd: Single shot multibox detector},
  Author                   = {Liu, Wei and Anguelov, Dragomir and Erhan, Dumitru and Szegedy, Christian and Reed, Scott and Fu, Cheng-Yang and Berg, Alexander C},
  Booktitle                = {European conference on computer vision},
  Year                     = {2016},
  Organization             = {Springer},
  Pages                    = {21--37}
}

@Article{marson2006functional,
  Title                    = {Functional assessment},
  Author                   = {Marson, DANIEL and Hebert, Katina R},
  Journal                  = {Geriatric neuropsychology: Assessment and intervention},
  Year                     = {2006},
  Pages                    = {158--197},

  Publisher                = {The Guilford Press New York, NY}
}

@Article{mataric2017socially,
  Title                    = {Socially assistive robotics: Human augmentation versus automation},
  Author                   = {Matari{\'c}, Maja J},
  Journal                  = {Science Robotics},
  Year                     = {2017},
  Number                   = {4},
  Pages                    = {eaam5410},
  Volume                   = {2},

  Publisher                = {Science Robotics}
}

@InProceedings{mennicken2014today,
  Title                    = {From today's augmented houses to tomorrow's smart homes: new directions for home automation research},
  Author                   = {Mennicken, Sarah and Vermeulen, Jo and Huang, Elaine M},
  Booktitle                = {Proceedings of the 2014 ACM International Joint Conference on Pervasive and Ubiquitous Computing},
  Year                     = {2014},
  Organization             = {ACM},
  Pages                    = {105--115}
}

@Article{minor2017learning,
  Title                    = {Learning activity predictors from sensor data: Algorithms, evaluation, and applications},
  Author                   = {Minor, Bryan David and Doppa, Janardhan Rao and Cook, Diane J},
  Journal                  = {IEEE transactions on knowledge and data engineering},
  Year                     = {2017},
  Number                   = {12},
  Pages                    = {2744--2757},
  Volume                   = {29},

  Publisher                = {IEEE}
}

@Article{nourhashemi2001instrumental,
  Title                    = {Instrumental activities of daily living as a potential marker of frailty: a study of 7364 community-dwelling elderly women (the EPIDOS study)},
  Author                   = {Nourhash{\'e}mi, Fati and Andrieu, Sandrine and Gillette-Guyonnet, Sophie and Vellas, Bruno and Albarede, Jean Louis and Grandjean, H{\'e}l{\`e}ne},
  Journal                  = {The Journals of Gerontology Series A: Biological Sciences and Medical Sciences},
  Year                     = {2001},
  Number                   = {7},
  Pages                    = {M448--M453},
  Volume                   = {56},

  Publisher                = {Oxford University Press}
}

@InProceedings{peng2018megdet,
  Title                    = {Megdet: A large mini-batch object detector},
  Author                   = {Peng, Chao and Xiao, Tete and Li, Zeming and Jiang, Yuning and Zhang, Xiangyu and Jia, Kai and Yu, Gang and Sun, Jian},
  Booktitle                = {Proceedings of the IEEE Conference on Computer Vision and Pattern Recognition},
  Year                     = {2018},
  Pages                    = {6181--6189}
}

@Article{peres2006restriction,
  Title                    = {Restriction in complex activities of daily living in MCI Impact on outcome},
  Author                   = {Peres, K and Chrysostome, V and Fabrigoule, C and Orgogozo, JM and Dartigues, JF and Barberger-Gateau, P},
  Journal                  = {Neurology},
  Year                     = {2006},
  Number                   = {3},
  Pages                    = {461--466},
  Volume                   = {67},

  Publisher                = {AAN Enterprises}
}

@Article{perneczky2006impairment,
  Title                    = {Impairment of activities of daily living requiring memory or complex reasoning as part of the MCI syndrome},
  Author                   = {Perneczky, Robert and Pohl, Corina and Sorg, Christian and Hartmann, Julia and Tosic, Natasa and Grimmer, Timo and Heitele, Sandra and Kurz, Alexander},
  Journal                  = {International Journal of Geriatric Psychiatry: A journal of the psychiatry of late life and allied sciences},
  Year                     = {2006},
  Number                   = {2},
  Pages                    = {158--162},
  Volume                   = {21},

  Publisher                = {Wiley Online Library}
}

@Article{pineau2003towards,
  Title                    = {Towards robotic assistants in nursing homes: Challenges and results},
  Author                   = {Pineau, Joelle and Montemerlo, Michael and Pollack, Martha and Roy, Nicholas and Thrun, Sebastian},
  Journal                  = {Robotics and autonomous systems},
  Year                     = {2003},
  Number                   = {3-4},
  Pages                    = {271--281},
  Volume                   = {42},

  Publisher                = {Elsevier}
}

@InProceedings{quigley2009ros,
  Title                    = {ROS: an open-source Robot Operating System},
  Author                   = {Quigley, Morgan and Conley, Ken and Gerkey, Brian and Faust, Josh and Foote, Tully and Leibs, Jeremy and Wheeler, Rob and Ng, Andrew Y},
  Booktitle                = {ICRA workshop on open source software},
  Year                     = {2009},
  Number                   = {3.2},
  Organization             = {Kobe, Japan},
  Pages                    = {5},
  Volume                   = {3}
}

@InProceedings{quigley2009ros,
  Title                    = {ROS: an open-source Robot Operating System},
  Author                   = {Quigley, Morgan and Conley, Ken and Gerkey, Brian and Faust, Josh and Foote, Tully and Leibs, Jeremy and Wheeler, Rob and Ng, Andrew Y},
  Booktitle                = {ICRA workshop on open source software},
  Year                     = {2009},
  Number                   = {3.2},
  Organization             = {Kobe, Japan},
  Pages                    = {5},
  Volume                   = {3}
}

@InProceedings{qureshi2016robot,
  Title                    = {Robot gains social intelligence through multimodal deep reinforcement learning},
  Author                   = {Qureshi, Ahmed Hussain and Nakamura, Yutaka and Yoshikawa, Yuichiro and Ishiguro, Hiroshi},
  Booktitle                = {Humanoid Robots (Humanoids), 2016 IEEE-RAS 16th International Conference on},
  Year                     = {2016},
  Organization             = {IEEE},
  Pages                    = {745--751}
}

@Article{rafferty2017activity,
  Title                    = {From activity recognition to intention recognition for assisted living within smart homes},
  Author                   = {Rafferty, Joseph and Nugent, Chris D and Liu, Jun and Chen, Liming},
  Journal                  = {IEEE Transactions on Human-Machine Systems},
  Year                     = {2017},
  Number                   = {3},
  Pages                    = {368--379},
  Volume                   = {47},

  Publisher                = {IEEE}
}

@InProceedings{reiss2013towards,
  Title                    = {Towards robust activity recognition for everyday life: Methods and evaluation},
  Author                   = {Reiss, Attila and Stricker, Didier and Hendeby, Gustaf},
  Booktitle                = {Proceedings of the 7th International Conference on Pervasive Computing Technologies for Healthcare},
  Year                     = {2013},
  Organization             = {ICST (Institute for Computer Sciences, Social-Informatics and Telecommunications Engineering)},
  Pages                    = {25--32}
}

@Article{schmitterautomated,
  Title                    = {Automated Clinical Assessment from Smart home-based Behavior Data},
  Author                   = {Schmitter-Edgecombe, Maureen}
}

@Article{schmitter2009characterizing,
  Title                    = {Characterizing multiple memory deficits and their relation to everyday functioning in individuals with mild cognitive impairment.},
  Author                   = {Schmitter-Edgecombe, Maureen and Woo, Ellen and Greeley, David R},
  Journal                  = {Neuropsychology},
  Year                     = {2009},
  Number                   = {2},
  Pages                    = {168},
  Volume                   = {23},

  Publisher                = {American Psychological Association}
}

@Article{sonn1996activities,
  Title                    = {Activities of daily living studied longitudinally between 70 and 76 years of age},
  Author                   = {Sonn, Ulla and Grimby, G and Svanborg, A},
  Journal                  = {Disability and Rehabilitation},
  Year                     = {1996},
  Number                   = {2},
  Pages                    = {91--100},
  Volume                   = {18},

  Publisher                = {Taylor \& Francis}
}

@Book{thrun2005probabilistic,
  Title                    = {Probabilistic robotics},
  Author                   = {Thrun, Sebastian and Burgard, Wolfram and Fox, Dieter},
  Publisher                = {MIT press},
  Year                     = {2005}
}

@Article{wada2007robot,
  Title                    = {Robot therapy for prevention of dementia at home},
  Author                   = {Wada, Kazuyoshi and Shibata, Takanori and Asada, Takashi and Musha, Toshimitsu},
  Journal                  = {Journal of Robotics and Mechatronics},
  Year                     = {2007},
  Number                   = {6},
  Pages                    = {691},
  Volume                   = {19}
}

@Article{wilson2015smart,
  Title                    = {Smart homes and their users: a systematic analysis and key challenges},
  Author                   = {Wilson, Charlie and Hargreaves, Tom and Hauxwell-Baldwin, Richard},
  Journal                  = {Personal and Ubiquitous Computing},
  Year                     = {2015},
  Number                   = {2},
  Pages                    = {463--476},
  Volume                   = {19},

  Publisher                = {Springer-Verlag}
}

@Article{RAS_Paper,
  Title                    = {Robot-Enabled Support of Daily Activities in Smart Home Environments},
  Author                   = {Garrett Wilson and Christopher Pereyda and Nisha Raghunath and Gabriel de la Cruz and Shivam Goel and Sepehr Nesaei and Bryan Minor and Maureen Schmitter-Edgecombe and Matthew Taylor and Diane J. Cook},
  Year                     = {2018},

  Owner                    = {daylan},
  Timestamp                = {2018.07.11}
}

@InProceedings{yabuki2018automatic,
  Title                    = {Automatic Object Detection from Digital Images by Deep Learning with Transfer Learning},
  Author                   = {Yabuki, Nobuyoshi and Nishimura, Naoto and Fukuda, Tomohiro},
  Booktitle                = {Workshop of the European Group for Intelligent Computing in Engineering},
  Year                     = {2018},
  Organization             = {Springer},
  Pages                    = {3--15}
}

@Article{UNProspects2017,
  Title                    = {World Population Prospects: The 2017 Revision, Volume 1: Comprehensive Tables.},
  Journal                  = {United Nations, Department of Economic and Social Affairs, Population Division (2017)},
  Year                     = {2017},

  __markedentry            = {[daylan:1]},
  Owner                    = {daylan},
  Timestamp                = {2018.07.11}
}

